<record><leader>00000cas a22000007a 4500</leader><controlfield tag="001">27743216</controlfield><controlfield tag="008">930316d1872187uncuwr ne      0    0eng d</controlfield><datafield ind1=" " ind2=" " tag="010"><subfield code="a">sn 93065766 </subfield></datafield><datafield ind1=" " ind2=" " tag="040"><subfield code="a">NVJ</subfield><subfield code="b">eng</subfield><subfield code="c">NVJ</subfield><subfield code="d">OCLCQ</subfield></datafield><datafield ind1=" " ind2=" " tag="042"><subfield code="a">msc</subfield></datafield><datafield ind1="0" ind2=" " tag="130"><subfield code="a">National Republican (Winston, N.C.)</subfield></datafield><datafield ind1="1" ind2="4" tag="245"><subfield code="a">The national Republican.</subfield></datafield><datafield ind1=" " ind2=" " tag="260"><subfield code="a">Winston, N.C. :</subfield><subfield code="b">Frederick T. Walser</subfield></datafield><datafield ind1=" " ind2=" " tag="300"><subfield code="a">v.</subfield></datafield><datafield ind1=" " ind2=" " tag="310"><subfield code="a">Weekly</subfield></datafield><datafield ind1="1" ind2=" " tag="362"><subfield code="a">Began in 1872.</subfield></datafield><datafield ind1=" " ind2=" " tag="588"><subfield code="a">Description based on: Vol. 1, no. 6 (Feb. 14, 1872).</subfield></datafield><datafield ind1=" " ind2=" " tag="752"><subfield code="a">United States</subfield><subfield code="b">North Carolina</subfield><subfield code="c">Forsyth</subfield><subfield code="d">Winston-Salem.</subfield></datafield><datafield ind1=" " ind2=" " tag="752"><subfield code="a">United States</subfield><subfield code="b">North Carolina</subfield><subfield code="c">Forsyth</subfield><subfield code="d">Winston.</subfield></datafield><datafield ind1="0" ind2="0" tag="785"><subfield code="t">Union Republican (Winston-Salem, N.C.)</subfield><subfield code="w">(DLC)sn 84026465</subfield><subfield code="w">(OCoLC)10449342</subfield></datafield></record>